@string{PAMI = {IEEE Trans. Pattern Anal. Mach. Intell.}}
@string{IJCV = {Int. J. Comput. Vis.}}
@string{CVPR = {IEEE Conf. Comput. Vis. Pattern Recog.}}
@string{ICCV = {Int. Conf. Comput. Vis.}}
@string{ECCV = {Eur. Conf. Comput. Vis.}}
@string{NIPS = {Adv. Neural Inform. Process. Syst.}}
@string{ICPR = {Int. Conf. Pattern Recog.}}
@string{BMVC = {Brit. Mach. Vis. Conf.}}
@string{TOG = {ACM Trans. Graph.}}
@string{TIP = {IEEE Trans. Image Process.}}
@string{TVCG = {IEEE Trans. Vis. Comput. Graph.}}
@string{TMM = {IEEE Trans. Multimedia}}
@string{ACMMM = {ACM Int. Conf. Multimedia}}
@string{ICME = {Int. Conf. Multimedia and Expo}}
@string{ICASSP = {ICASSP}}
@string{ICIP = {IEEE Int. Conf. Image Process.}}
@string{ACCV = {ACCV}}
@string{ICLR = {Int. Conf. Learn. Represent.}}
@string{IJCAI = {IJCAI}}
@string{PR = {Pattern Recognition}}
@string{AAAI = {AAAI}}
@string{CVPRW = {IEEE Conf. Comput. Vis. Pattern Recog. Worksh.}}
@string{CSVT = {IEEE Trans. Circuit Syst. Video Technol.}}

@string{SPL = {IEEE Sign. Process. Letters}}
@string{VR = {Vis. Res.}}
@string{JOV = {J. Vis.}}
@string{TVC = {The Vis. Comput.}}
@string{JCST = {J. Comput. Sci. Tech.}}
@string{CGF = {Comput. Graph. Forum}}
@string{CVM = {Computational Visual Media}}


@string{PAMI = {IEEE TPAMI}}
@string{IJCV = {IJCV}}
@string{CVPR = {CVPR}}
@string{ICCV = {ICCV}}
@string{ECCV = {ECCV}}
@string{NIPS = {NeurIPS}}
@string{ICPR = {ICPR}}
@string{BMVC = {BMVC}}
@string{TOG = {ACM TOG}}
@string{TIP = {IEEE TIP}}
@string{TVCG = {IEEE TVCG}}
@string{TCSVT = {IEEE TCSVT}}
@string{TMM = {IEEE TMM}}
@string{ACMMM = {ACM MM}}
@string{ICME = {ICME}}
@string{ICASSP = {ICASSP}}
@string{ICIP = {ICIP}}
@string{ACCV = {ACCV}}
@string{ICLR = {ICLR}}
@string{IJCAI = {IJCAI}}
@string{PR = {PR}}
@string{AAAI = {AAAI}}
@string{CVPRW = {CVPRW}}
@string{CSVT = {IEEE TCSVT}}

@misc{cmapss_data,
    author = {Saxena, Abhinav and Goebel, Kai},
    title = {{Turbofan Engine Degradation Simulation Data Set}},
    year = {2008},
    publisher = {NASA Ames Prognostics Data Repository},
    howpublished = {\url{
                    https://ti.arc.nasa.gov/tech/dash/groups/pcoe/prognostic-data-repository/
                    }},
    note = {Accessed: [Your Access Date]},
}

@inproceedings{saxena2008damage,
    title = {Damage propagation modeling for aircraft engine run-to-failure
             simulation},
    author = {Saxena, Abhinav and Goebel, Kai and Simon, Donald L and Eklund,
              Neil A},
    booktitle = {2008 International Conference on Prognostics and Health
                 Management},
    pages = {1--9},
    year = {2008},
    organization = {IEEE},
}

% --- Predictive Maintenance / RUL References (Examples) ---
@article{lei2018machinery,
    title = {Machinery health prognostics: A systematic review from data
             acquisition to RUL prediction},
    author = {Lei, Yaguo and Li, Naipeng and Guo, Liang and Li, Niu and Yan, Tao
              and Lin, Jing},
    journal = {Mechanical Systems and Signal Processing},
    volume = {104},
    pages = {599--634},
    year = {2018},
    publisher = {Elsevier},
}

@article{si2011remaining,
    title = {Remaining useful life estimation--a review on the statistical data
             driven approaches},
    author = {Si, Xiao-Sheng and Wang, Wenbin and Hu, Chang-Hua and Zhou,
              Dong-Hua},
    journal = {European journal of operational research},
    volume = {213},
    number = {1},
    pages = {1--14},
    year = {2011},
    publisher = {Elsevier},
}

@article{heimes2008recurrent,
    title = {Recurrent neural networks for remaining useful life estimation},
    author = {Heimes, Felix O},
    booktitle = {2008 International Conference on Prognostics and Health
                 Management},
    pages = {1--6},
    year = {2008},
    organization = {IEEE},
}


% --- Clustering References (Examples) ---
@article{aggarwal2013survey,
    title = {A survey of clustering algorithms},
    author = {Aggarwal, Charu C and Reddy, Chandan K},
    journal = {Data clustering: algorithms and applications},
    pages = {22--76},
    year = {2013},
    publisher = {Chapman and Hall/CRC},
}

% --- Kaggle Links (as Misc entries) ---
@misc{kaggle_yosefcohen,
    author = {Yosef Cohen},
    title = {{NASA Turbofan Engine RUL Prediction}},
    howpublished = {Kaggle Code},
    year = {Accessed [Your Access Date]},
    % = Adjust,
    year = if,
    possible = url,
}= {https://www.kaggle.com/code/yosefcohen1232/nasa-turbofan-engine-rul-prediction}
}

@misc{kaggle_climstefan,
    author = {Stefan Clim},
    title = {{NASA Turbofan Jet Engine Data Set}},
    howpublished = {Kaggle Code},
    year = {Accessed [Your Access Date]},
    % = Adjust,
    year = if,
    possible = url,
}= {https://www.kaggle.com/code/climstefan/nasa-turbofan-jet-engine-data-set}
}

@misc{kaggle_enesgktekin,
    author = {Enes GÃ¶ktekin},
    title = {{1. Predictive Maintenance}},
    howpublished = {Kaggle Code},
    year = {Accessed [Your Access Date]},
    % = Adjust,
    year = if,
    possible = url,
}= {https://www.kaggle.com/code/enesgktekin/1-predictive-maintenance}
}

% --- Your Own Previous Work (if any, cite appropriately for blind review if needed) ---
% @inproceedings{yourwork2024,
    % = author,
}= {Author One and Author Two}, % Use actual names for camera-ready
%  title = {Your Previous Related Work},
%  booktitle = {Some Conference},
%  year = {2024}
%}

% --- Machine Learning Model References (e.g., XGBoost) ---
@inproceedings{chen2016xgboost,
    title = {Xgboost: A scalable tree boosting system},
    author = {Chen, Tianqi and Guestrin, Carlos},
    booktitle = {Proceedings of the 22nd acm sigkdd international conference on
                 knowledge discovery and data mining},
    pages = {785--794},
    year = {2016},
}
